@article {ginot2021multiplicative,
	title={Multiplicative persistent distances},
	author={Grégory Ginot and Johan Leray},
	year={2021},
	eprint={1905.12307},
	archivePrefix={arXiv},
	primaryClass={math.AT}
}

@article {sullivan1976signature,
	AUTHOR = {Ranicki, Andrew and Sullivan, Dennis},
	TITLE = {A semi-local combinatorial formula for the signature of a
	{$4k$}-manifold},
	JOURNAL = {J. Differential Geometry},
	FJOURNAL = {Journal of Differential Geometry},
	VOLUME = {11},
	YEAR = {1976},
	NUMBER = {1},
	PAGES = {23--29},
	ISSN = {0022-040X},
	MRCLASS = {57D20},
	MRNUMBER = {423366},
	MRREVIEWER = {K. Lamotke},
	URL = {http://projecteuclid.org/euclid.jdg/1214433294},
}

@incollection {ginot2015factorization.algebras,
	AUTHOR = {Ginot, Gr\'{e}gory},
	TITLE = {Notes on factorization algebras, factorization homology and
	applications},
	BOOKTITLE = {Mathematical aspects of quantum field theories},
	SERIES = {Math. Phys. Stud.},
	PAGES = {429--552},
	PUBLISHER = {Springer, Cham},
	YEAR = {2015},
	MRCLASS = {81T17 (81T45)},
	MRNUMBER = {3330249},
	MRREVIEWER = {David Chataur},
}

@article {billera1992fiber.polytopes,
	AUTHOR = {Billera, Louis J. and Sturmfels, Bernd},
	TITLE = {Fiber polytopes},
	JOURNAL = {Ann. of Math. (2)},
	FJOURNAL = {Annals of Mathematics. Second Series},
	VOLUME = {135},
	YEAR = {1992},
	NUMBER = {3},
	PAGES = {527--549},
	ISSN = {0003-486X},
	MRCLASS = {52B05 (52B12 52B35)},
	MRNUMBER = {1166643},
	MRREVIEWER = {P. McMullen},
	DOI = {10.2307/2946575},
	URL = {https://doi.org/10.2307/2946575},
}

@incollection {kapranov1991polycategories,
	AUTHOR = {Kapranov, M. M. and Voevodsky, V. A.},
	TITLE = {Combinatorial-geometric aspects of polycategory theory:
	pasting schemes and higher {B}ruhat orders (list of results)},
	NOTE = {International Category Theory Meeting (Bangor, 1989 and
	Cambridge, 1990)},
	JOURNAL = {Cahiers Topologie G\'{e}om. Diff\'{e}rentielle Cat\'{e}g.},
	FJOURNAL = {Cahiers de Topologie et G\'{e}om\'{e}trie Diff\'{e}rentielle Cat\'{e}goriques},
	VOLUME = {32},
	YEAR = {1991},
	NUMBER = {1},
	PAGES = {11--27},
	ISSN = {0008-0004},
	MRCLASS = {18D05 (52B30)},
	MRNUMBER = {1130400},
	MRREVIEWER = {R. H. Street},
	URL = {https://eudml.org/doc/91468}
}

@article {vallette2021associahedra,
	AUTHOR = {Masuda, Naruki and Thomas, Hugh and Tonks, Andy and Vallette,
	Bruno},
	TITLE = {The diagonal of the associahedra},
	JOURNAL = {J. \'{E}c. polytech. Math.},
	FJOURNAL = {Journal de l'\'{E}cole polytechnique. Math\'{e}matiques},
	VOLUME = {8},
	YEAR = {2021},
	PAGES = {121--146},
	ISSN = {2429-7100},
	MRCLASS = {52B05 (06A07 18M70 18M75)},
	MRNUMBER = {4191110},
	DOI = {10.5802/jep.142},
	URL = {https://doi.org/10.5802/jep.142},
}

@phdthesis{bandiera2014thesis,
	title={Higher Deligne groupoids, derived brackets and deformation problems in holomorphic Poisson geometry},
	author={Bandiera, Ruggero},
	year={2014},
	school={PhD thesis, Universit{\`a} degli studi di Roma “La Sapienza}
}

@article {robert-nicoud2018deformation,
	AUTHOR = {Robert-Nicoud, Daniel},
	TITLE = {Deformation theory with homotopy algebra structures on tensor
	products},
	JOURNAL = {Doc. Math.},
	FJOURNAL = {Documenta Mathematica},
	VOLUME = {23},
	YEAR = {2018},
	PAGES = {189--240},
	ISSN = {1431-0635},
	MRCLASS = {18M60 (08C05 18N40)},
	MRNUMBER = {3846059},
	MRREVIEWER = {Beno\^{\i}t Fresse},
}

@ARTICLE{parent2012interval,
	AUTHOR = {Parent, Paul-Eug\`ene and Tanr\'{e}, Daniel},
	TITLE = {Lawrence-{S}ullivan models for the interval},
	JOURNAL = {Topology Appl.},
	FJOURNAL = {Topology and its Applications},
	VOLUME = {159},
	YEAR = {2012},
	NUMBER = {1},
	PAGES = {371--378},
	ISSN = {0166-8641},
	MRCLASS = {55P62 (17B70)},
	MRNUMBER = {2852982},
	MRREVIEWER = {Marc Aubry},
	DOI = {10.1016/j.topol.2011.10.006},
	URL = {https://doi.org/10.1016/j.topol.2011.10.006},
}

@article {buijs2013algebraicmodels,
	AUTHOR = {Buijs, Urtzi and Murillo, Aniceto},
	TITLE = {Algebraic models of non-connected spaces and homotopy theory
	of {$L_\infty$} algebras},
	JOURNAL = {Adv. Math.},
	FJOURNAL = {Advances in Mathematics},
	VOLUME = {236},
	YEAR = {2013},
	PAGES = {60--91},
	ISSN = {0001-8708},
	MRCLASS = {55P62},
	MRNUMBER = {3019716},
	MRREVIEWER = {Samuel B. Smith},
	DOI = {10.1016/j.aim.2012.12.014},
	URL = {https://doi.org/10.1016/j.aim.2012.12.014},
}

@article {lawrence2019triangle,
	AUTHOR = {Griniasty, Itay and Lawrence, Ruth},
	TITLE = {An explicit symmetric {DGLA} model of a triangle},
	JOURNAL = {High. Struct.},
	FJOURNAL = {Higher Structures},
	VOLUME = {3},
	YEAR = {2019},
	NUMBER = {1},
	PAGES = {1--16},
	MRCLASS = {17B55 (17B01 55U15)},
	MRNUMBER = {3939044},
	MRREVIEWER = {Xue Feng Mao},
	url = {https://journals.mq.edu.au/index.php/higher_structures/article/view/85}
}

@article {lawrence2021cells,
	AUTHOR = {Griniasty, Itay and Lawrence, Ruth},
	TITLE = {Explicit symmetric {DGLA} models of 3-cells},
	JOURNAL = {Canad. Math. Bull.},
	FJOURNAL = {Canadian Mathematical Bulletin. Bulletin Canadien de
	Math\'{e}matiques},
	VOLUME = {64},
	YEAR = {2021},
	NUMBER = {2},
	PAGES = {368--382},
	ISSN = {0008-4395},
	MRCLASS = {17B55 (17B01 55U15)},
	MRNUMBER = {4273206},
	DOI = {10.4153/S0008439520000508},
	URL = {https://doi.org/10.4153/S0008439520000508},
}

@article {farber2003motion.planning,
	AUTHOR = {Farber, Michael},
	TITLE = {Topological complexity of motion planning},
	JOURNAL = {Discrete Comput. Geom.},
	FJOURNAL = {Discrete \& Computational Geometry. An International Journal
	of Mathematics and Computer Science},
	VOLUME = {29},
	YEAR = {2003},
	NUMBER = {2},
	PAGES = {211--221},
	ISSN = {0179-5376},
	MRCLASS = {68T40 (55M30 68U05)},
	MRNUMBER = {1957228},
	DOI = {10.1007/s00454-002-0760-9},
	URL = {https://doi.org/10.1007/s00454-002-0760-9},
}

@article {rivera2018rigidification,
	AUTHOR = {Rivera, Manuel and Zeinalian, Mahmoud},
	TITLE = {Cubical rigidification, the cobar construction and the based
	loop space},
	JOURNAL = {Algebr. Geom. Topol.},
	FJOURNAL = {Algebraic \& Geometric Topology},
	VOLUME = {18},
	YEAR = {2018},
	NUMBER = {7},
	PAGES = {3789--3820},
	ISSN = {1472-2747},
	MRCLASS = {55U35 (18D20 18G30 55P35 55U10 57T30)},
	MRNUMBER = {3892231},
	MRREVIEWER = {Timothy Porter},
	DOI = {10.2140/agt.2018.18.3789},
	URL = {https://doi.org/10.2140/agt.2018.18.3789},
}

@ARTICLE{lipshitz2020diagonals,
	author = {{Lipshitz}, Robert and {Ozsv{\'a}th}, Peter and {Thurston}, Dylan},
	title = "{Diagonals and A-infinity Tensor Products}",
	journal = {arXiv e-prints},
	keywords = {Mathematics - Rings and Algebras, Mathematics - Geometric Topology, Mathematics - Symplectic Geometry},
	year = 2020,
	month = sep,
	eid = {arXiv:2009.05222},
	pages = {arXiv:2009.05222},
	archivePrefix = {arXiv},
	eprint = {2009.05222},
	primaryClass = {math.RA},
	adsurl = {https://ui.adsabs.harvard.edu/abs/2020arXiv200905222L},
	adsnote = {Provided by the SAO/NASA Astrophysics Data System}
}


