@article {farber2003motion.planning,
	AUTHOR = {Farber, Michael},
	TITLE = {Topological complexity of motion planning},
	JOURNAL = {Discrete Comput. Geom.},
	FJOURNAL = {Discrete \& Computational Geometry. An International Journal
	of Mathematics and Computer Science},
	VOLUME = {29},
	YEAR = {2003},
	NUMBER = {2},
	PAGES = {211--221},
	ISSN = {0179-5376},
	MRCLASS = {68T40 (55M30 68U05)},
	MRNUMBER = {1957228},
	DOI = {10.1007/s00454-002-0760-9},
	URL = {https://doi.org/10.1007/s00454-002-0760-9},
}

@article {rivera2018rigidification,
	AUTHOR = {Rivera, Manuel and Zeinalian, Mahmoud},
	TITLE = {Cubical rigidification, the cobar construction and the based
	loop space},
	JOURNAL = {Algebr. Geom. Topol.},
	FJOURNAL = {Algebraic \& Geometric Topology},
	VOLUME = {18},
	YEAR = {2018},
	NUMBER = {7},
	PAGES = {3789--3820},
	ISSN = {1472-2747},
	MRCLASS = {55U35 (18D20 18G30 55P35 55U10 57T30)},
	MRNUMBER = {3892231},
	MRREVIEWER = {Timothy Porter},
	DOI = {10.2140/agt.2018.18.3789},
	URL = {https://doi.org/10.2140/agt.2018.18.3789},
}

@ARTICLE{lipshitz2020diagonals,
	author = {{Lipshitz}, Robert and {Ozsv{\'a}th}, Peter and {Thurston}, Dylan},
	title = "{Diagonals and A-infinity Tensor Products}",
	journal = {arXiv e-prints},
	keywords = {Mathematics - Rings and Algebras, Mathematics - Geometric Topology, Mathematics - Symplectic Geometry},
	year = 2020,
	month = sep,
	eid = {arXiv:2009.05222},
	pages = {arXiv:2009.05222},
	archivePrefix = {arXiv},
	eprint = {2009.05222},
	primaryClass = {math.RA},
	adsurl = {https://ui.adsabs.harvard.edu/abs/2020arXiv200905222L},
	adsnote = {Provided by the SAO/NASA Astrophysics Data System}
}


